% This file was created with JabRef 2.10b2.
% Encoding: UTF-8

@Article{acuna,
  author = {C. Acuña Veliz.},
  title = {\textit{Acceso y deserción en la educación superior: caso aplicado
a Chile}},
  journal =      "Tesis de Magıster. Universidad de Chile, Santiago, Chile",
  year =         "2012"
}

@Article{larroucau,
  author = {T. Larroucau.},
  title = {\textit{Estudio de los factores determinantes de la deserción en
el sistema universitario chileno}},
  journal =      "Tesis de Magıster. Universidad de Chile, Santiago, Chile",
  year =         "2013"
}


@Article{diaz,
  author = {C.J. Díaz.},
  title = {\textit{Factores de deserción estudiantil en ingeniería: Una aplicación
de modelos de duración}},
  journal =      "Información Tecnológica, 20(5):129–145",
  year =         "2000"
}


@Article{celis,
  author = {S. Celis.},
  title = {\textit{Student attrition and student time-to-degree at a selective engineering
school in Chile}},
  journal =      "Documento interno, Escuela de Ingeniería y
Ciencias, Universidad de Chile",
  year =         "2012"
}



@Article{instituciones,
  Title                    = {Instituciones de Educación Superior vigentes - 30 diciembre de 2015},
  Author                   = {Ministerio de Educación},
  Year                     = {2015},

  Month                    = dec,
  Pages                    = {1},
  url       = "http://www.mifuturo.cl/index.php/servicio-de-informacion-de-educacion-superior/listado-de-instituciones-vigentes-2015",
  Keywords                 = {retención,SIES}
}

@Article{Sies2014,
  Title                    = {Principales resultados evolución retención de 1er año 2010 - 2014},
  Author                   = {SIES},
  Year                     = {2015},
  Month                    = Nov,
  Pages                    = {1--3},
  url       = "http://www.mifuturo.cl/index.php/informes-sies/retencion-de-pregrado",
  Keywords                 = {retención,SIES}
}

@online{sies,
    title     = "SIES",
    url       = "http://www.mifuturo.cl/index.php/academicos-einvestigadores",
    keywords  = "sies"
}

@online{wikiic,
    title     = "Definición Inteligencia del Cliente",
    url       = "https://es.wikipedia.org/wiki/Inteligencia_del_cliente",
    keywords  = "ic"
}

@online{ic,
    title     = "¿Qué es la inteligencia del cliente?",
    url       = "http://www.bewitt.es/que-es-la-inteligencia-del-cliente/",
    keywords  = "ic"
}

@online{crm,
    title     = "Customer relationship management",
    url       = "http://f.se-todo.com/doc/5874/index.html?page=5",
    keywords  = "crm"
}

@online{bi,
    title     = "Inteligencia de negocios",
    url       = "http://www.gestiopolis.com/inteligencia-de-negocios-business-intelligence/",
    keywords  = "bi"
}

@online{olapvsoltp,
    title     = "Bases de datos OLAP y OLTP",
    url       = "http://www.sinnexus.com/business_intelligence/olap_vs_oltp.aspx",
    keywords  = "bi"
}

@online{tablaolapvsoltp,
    title     = "Olap vs OLTP",
    url       = "http://datawarehouse4u.info/OLTP-vs-OLAP.html",
    keywords  = "bi"
}

@online{etl,
    title     = "Herramientas ETL",
    url       = "https://blogs.deusto.es/bigdata/herramientas-etl-y-su-relevancia-en-la-cadena-de-valor-del-dato/",
    keywords  = "bi, etl"
}

@online{muestra,
    title     = "Muestreo no probabilístico",
    url       = "http://www.estadistica.mat.uson.mx/Material/elmuestreo.pdf",
    keywords  = "muestreo"
}

@online{rl,
	title     = "Regresión Lineal",
	url       = "http://docs.rapidminer.com/studio/operators/modeling/predictive/functions/linear_regression.html",
	keywords  = "regresion"
}


@online{ad,
	title     = "Árboles de decisión",
	url       = "http://docs.rapidminer.com/studio/operators/modeling/predictive/trees/parallel_decision_tree.html",
	keywords  = "arbol"
}

@online{redn,
	title     = "Redes Neuronales",
	url       = "http://docs.rapidminer.com/studio/operators/modeling/predictive/neural_nets/neural_net.html",
	keywords  = "red"
}

@online{svn,
	title     = "SVN",
	url       = "http://docs.rapidminer.com/studio/operators/modeling/predictive/support_vector_machines/support_vector_machine.html",
	keywords  = "svn"
}